<record><leader>00000cas a2200000 a 4500</leader><controlfield tag="001">10489604</controlfield><controlfield tag="008">840306d18631984iluwr ne      0   a0eng c</controlfield><datafield ind1=" " ind2=" " tag="010"><subfield code="a">sn 84024095 </subfield></datafield><datafield ind1=" " ind2=" " tag="040"><subfield code="a">NPV</subfield><subfield code="b">eng</subfield><subfield code="c">NPV</subfield><subfield code="d">NPX</subfield><subfield code="d">NPU</subfield><subfield code="d">NPV</subfield><subfield code="d">YOX</subfield><subfield code="d">NVF</subfield><subfield code="d">OCL</subfield><subfield code="d">KRTAS</subfield><subfield code="d">NVF</subfield><subfield code="d">OCLCQ</subfield><subfield code="d">OCLCF</subfield><subfield code="d">OCLCO</subfield><subfield code="d">NVF</subfield></datafield><datafield ind1=" " ind2=" " tag="042"><subfield code="a">pcc</subfield></datafield><datafield ind1=" " ind2=" " tag="043"><subfield code="a">n-us-il</subfield></datafield><datafield ind1="0" ind2=" " tag="130"><subfield code="a">Stark County news (Toulon, Ill. : 1863)</subfield></datafield><datafield ind1="1" ind2="0" tag="245"><subfield code="a">Stark County news.</subfield></datafield><datafield ind1=" " ind2=" " tag="260"><subfield code="a">Toulon, Ill. :</subfield><subfield code="b">S.S. Kaysbier,</subfield><subfield code="c">1863-1984.</subfield></datafield><datafield ind1=" " ind2=" " tag="300"><subfield code="a">v.</subfield></datafield><datafield ind1=" " ind2=" " tag="310"><subfield code="a">Weekly,</subfield><subfield code="b">June 4, 1897-June 18, 1984</subfield></datafield><datafield ind1=" " ind2=" " tag="321"><subfield code="a">Weekly,</subfield><subfield code="b">Jan. 1, 1863-Aug. 6, 1896</subfield></datafield><datafield ind1=" " ind2=" " tag="321"><subfield code="a">Semiweekly,</subfield><subfield code="b">Aug. 11, 1896-May 28, 1897</subfield></datafield><datafield ind1="0" ind2=" " tag="362"><subfield code="a">New ser., v. 1, no. 1 (Jan. 1, 1863)-v. 128, no. 26 (June 28, 1984).</subfield></datafield><datafield ind1=" " ind2=" " tag="515"><subfield code="a">Volume and issue numbering irregularities.</subfield></datafield><datafield ind1=" " ind2="0" tag="651"><subfield code="a">Toulon (Ill.)</subfield><subfield code="v">Newspapers.</subfield></datafield><datafield ind1=" " ind2="0" tag="651"><subfield code="a">Stark County (Ill.)</subfield><subfield code="v">Newspapers.</subfield></datafield><datafield ind1=" " ind2="7" tag="651"><subfield code="a">Illinois</subfield><subfield code="z">Stark County.</subfield><subfield code="2">fast</subfield><subfield code="0">(OCoLC)fst01215013</subfield></datafield><datafield ind1=" " ind2="7" tag="651"><subfield code="a">Illinois</subfield><subfield code="z">Toulon.</subfield><subfield code="2">fast</subfield><subfield code="0">(OCoLC)fst01237037</subfield></datafield><datafield ind1=" " ind2="7" tag="655"><subfield code="a">Newspapers.</subfield><subfield code="2">fast</subfield><subfield code="0">(OCoLC)fst01423814</subfield></datafield><datafield ind1=" " ind2=" " tag="752"><subfield code="a">United States</subfield><subfield code="b">Illinois</subfield><subfield code="c">Stark County</subfield><subfield code="d">Toulon.</subfield></datafield><datafield ind1="0" ind2="5" tag="780"><subfield code="t">Stark County sentinel (Toulon, Ill.)</subfield><subfield code="w">(DLC)sn 93055534</subfield><subfield code="w">(OCoLC)27732691</subfield></datafield><datafield ind1=" " ind2=" " tag="938"><subfield code="a">Kirtas Technologies, Inc.</subfield><subfield code="b">KRTS</subfield><subfield code="n">738234</subfield></datafield></record>